

@article{guo2025deepseekr1,
  title={Deepseek-r1: Incentivizing reasoning capability in {LLMs} via reinforcement learning},
  author={Guo, Daya and Yang, Dejian and Zhang, Haowei and Song, Junxiao and Zhang, Ruoyu and Xu, Runxin and Zhu, Qihao and Ma, Shirong and Wang, Peiyi and Bi, Xiao and others},
  journal={arXiv preprint arXiv:2501.12948},
  year={2025}
}

@article{lambert2024tulu3,
  title={T{\"u}lu 3: Pushing frontiers in open language model post-training},
  author={Lambert, Nathan and Morrison, Jacob and Pyatkin, Valentina and Huang, Shengyi and Ivison, Hamish and Brahman, Faeze and Miranda, Lester James V and Liu, Alisa and Dziri, Nouha and Lyu, Shane and others},
  journal={arXiv preprint arXiv:2411.15124},
  year={2024}
}

@article{hu2025openreasonerzero,
  title={Open-reasoner-zero: An open source approach to scaling up reinforcement learning on the base model},
  author={Hu, Jingcheng and Zhang, Yinmin and Han, Qi and Jiang, Daxin and Zhang, Xiangyu and Shum, Heung-Yeung},
  journal={arXiv preprint arXiv:2503.24290},
  year={2025}
}

@article{hendrycks2021math,
  title={Measuring mathematical problem solving with the {MATH} dataset},
  author={Hendrycks, Dan and Burns, Collin and Kadavath, Saurav and Arora, Akul and Basart, Steven and Tang, Eric and Song, Dawn and Steinhardt, Jacob},
  journal={arXiv preprint arXiv:2103.03874},
  year={2021}
}

@inproceedings{du2023reduce,
  title={Reduce, reuse, recycle: Compositional generation with energy-based diffusion models and mcmc},
  author={Du, Yilun and Durkan, Conor and Strudel, Robin and Tenenbaum, Joshua B and Dieleman, Sander and Fergus, Rob and Sohl-Dickstein, Jascha and Doucet, Arnaud and Grathwohl, Will Sussman},
  booktitle={International conference on machine learning},
  pages={8489--8510},
  year={2023},
  organization={PMLR}
}

@inproceedings{wang2025inference,
  title={Inference-time policy steering through human interactions},
  author={Wang, Yanwei and Wang, Lirui and Du, Yilun and Sundaralingam, Balakumar and Yang, Xuning and Chao, Yu-Wei and P{\'e}rez-D’Arpino, Claudia and Fox, Dieter and Shah, Julie},
  booktitle={2025 IEEE International Conference on Robotics and Automation (ICRA)},
  pages={15626--15633},
  year={2025},
  organization={IEEE}
}

@article{zhang2025inference,
  title={Inference-time Scaling of Diffusion Models through Classical Search},
  author={Zhang, Xiangcheng and Lin, Haowei and Ye, Haotian and Zou, James and Ma, Jianzhu and Liang, Yitao and Du, Yilun},
  journal={arXiv preprint arXiv:2505.23614},
  year={2025}
}

@article{li2022alphacode,
  title={Competition-level code generation with {AlphaCode}},
  author={Li, Yujia and Choi, David and Chung, Junyoung and Kushman, Nate and Schrittwieser, Julian and Leblond, R{\'e}mi and Eccles, Tom and Keeling, James and Gimeno, Felix and Dal Lago, Agustin and Hubert, Thomas and Choy, Peter and de Masson d'Autume, Cyprien and Babuschkin, Igor and Chen, Xinyun and Huang, Po-Sen and Welbl, Johannes and Gowal, Sven and Cherepanov, Alexey and Molloy, James and Mankowitz, Daniel and Robson, Esme Sutherland and Kohli, Pushmeet and de Freitas, Nando and Kavukcuoglu, Koray and Vinyals, Oriol},
  journal={arXiv preprint arXiv:2203.07814},
  year={2022}
}


@inproceedings{rein2024gpqa,
  title={{GPQA}: A graduate-level Google-proof Q\&A benchmark},
  author={Rein, David and Hou, Betty Li and Cooper Stickland, Asa and Petty, Jackson and Pang, Richard Yuanzhe and Dirani, Julien and Michael, Julian and Bowman, Samuel R},
  booktitle={First Conference on Language Modeling},
  year={2024}
}

@article{he2025rewarding,
  title={Rewarding the unlikely: Lifting {GRPO} beyond distribution sharpening},
  author={He, Andre and Fried, Daniel and Welleck, Sean},
  journal={arXiv preprint arXiv:2506.02355},
  year={2025}
}

@article{shao2025spuriousrewards,
  title={Spurious Rewards: Rethinking Training Signals in {RLVR}},
  author={Shao, Rulin and Li, Shuyue Stella and Xin, Rui and Geng, Scott and Wang, Yiping and Oh, Sewoong and Du, Simon Shaolei and Lambert, Nathan and Min, Sewon and Krishna, Ranjay and Tsvetkov, Yulia and Hajishirzi, Hannaneh and Koh, Pang Wei and Zettlemoyer, Luke},
  journal={arXiv preprint arXiv:2506.10947},
  year={2025}
}

@article{yue2025doesrlincentivizereasoning,
  title={Does Reinforcement Learning Really Incentivize Reasoning Capacity in LLMs Beyond the Base Model?},
  author={Yue, Yang and Chen, Zhiqi and Lu, Rui and Zhao, Andrew and Wang, Zhaokai and Song, Shiji and Huang, Gao},
  journal={arXiv preprint arXiv:2504.13837},
  year={2025},
  url={https://arxiv.org/abs/2504.13837}
}

@article{song2025-outcomebasedexploration,
  title={Outcome-based Exploration for {LLM} Reasoning},
  author={Song, Yuda and Kempe, Julia and Munos, R{\'e}mi},
  journal={arXiv preprint arXiv:2509.06941},
  year={2025},
  url={https://arxiv.org/abs/2509.06941}
}

@article{shao2024deepseekmath,
  title={DeepSeek-Math: Advancing mathematical reasoning through step-by-step exploration},
  author={Shao, Zhihong and Wang, Peiyi and Zhu, Qihao and Xu, Runxin and Song, Junxiao and Bi, Xiao and Zhang, Haowei and Zhang, Mingchuan and Li, Y. K. and Wu, Y. and Guo, Daya},
  journal={arXiv preprint arXiv:2404.01140},
  year={2024}
}


@article{zhao2025learning,
  title={Learning to Reason without External Rewards},
  author={Zhao, Xuandong and Kang, Zhewei and Feng, Aosong and Levine, Sergey and Song, Dawn},
  journal={arXiv preprint arXiv:2505.19590},
  year={2025},
  url={https://arxiv.org/abs/2505.19590}
}

@inproceedings{ouyang2022traininglfh,
  title={Training language models to follow instructions with human feedback},
  author={Ouyang, Long and Wu, Jeffrey and Jiang, Xu and Almeida, Diogo and Wainwright, Carroll L. and Mishkin, Pamela and Zhang, Chong and Agarwal, Sandhini and Slama, Katarina and Ray, Alex and others},
  booktitle={NeurIPS},
  volume={35},
  pages={27730--27744},
  year={2022}
}

@article{prabhudesai2025maximizingconfidence,
  title={Maximizing Confidence Alone Improves Reasoning},
  author={Prabhudesai, Mihir and Chen, Lili and Ippoliti, Alex and Fragkiadaki, Katerina and Liu, Hao and Pathak, Deepak},
  journal={arXiv preprint arXiv:2505.22660},
  year={2025},
  url={https://arxiv.org/abs/2505.22660}
}


@article{zhao2024probabilisticinference,
  title={Probabilistic Inference in Language Models via Twisted Sequential Monte Carlo},
  author={Zhao, Stephen and Brekelmans, Rob and Makhzani, Alireza and Grosse, Roger},
  journal={arXiv preprint arXiv:2404.17546},
  year={2024},
  url={https://arxiv.org/abs/2404.17546}
}

@inproceedings{faria2024quest,
  title={QUEST: Quality-Aware Metropolis-Hastings Sampling for Machine Translation},
  author={Faria, Gonçalo R. A. and Agrawal, Sweta and Farinhas, António and Rei, Ricardo and de Souza, José G. C. and Martins, André F. T.},
  booktitle={NeurIPS},
  year={2024},
  pages={},
  url={https://proceedings.neurips.cc/paper_files/paper/2024/file/a221d22ff6a33599142c8299c7ed06bb-Paper-Conference.pdf}
}

@article{wang2020contextualtemperature,
  title={Contextual Temperature for Language Modeling},
  author={Wang, Pei-Hsin and Hsieh, Sheng-Iou and Chang, Shih-Chieh and Chen, Yu-Ting and Pan, Jia-Yu and Wei, Wei and Juan, Da-Chang},
  journal={arXiv preprint arXiv:2012.13575},
  year={2020},
  url={https://arxiv.org/abs/2012.13575}
}

@article{metropolis1953equation,
  title={Equation of state calculations by fast computing machines},
  author={Metropolis, Nicholas and Rosenbluth, Arianna W. and Rosenbluth, Marshall N. and Teller, Augusta H. and Teller, Edward},
  journal={Journal of Chemical Physics},
  volume={21},
  number={6},
  pages={1087--1092},
  year={1953},
  publisher={American Institute of Physics},
  doi={10.1063/1.1699114}
}

@article{neal1993probabilistic,
  title={Probabilistic inference using Markov chain Monte Carlo methods},
  author={Neal, Radford M},
  journal={Department of Computer Science, University of Toronto (review paper / technical report)},
  year={1993}
}

@article{gheissari2017exponentially,
  title={Exponentially slow mixing in the mean-field Swendsen–Wang dynamics},
  author={Gheissari, Reza and Lubetzky, Eyal and Peres, Yuval},
  journal={arXiv preprint arXiv:1702.05797},
  year={2017}
}

@article{bandeira2022freeenergybarriers,
  title={On free energy barriers in Gaussian priors and failure of cold start MCMC for high-dimensional unimodal distributions},
  author={Bandeira, Afonso S. and Maillard, Antoine and Nickl, Richard and Wang, Sven},
  journal={arXiv preprint arXiv:2209.02001},
  year={2022},
  url={https://arxiv.org/abs/2209.02001}
}

@techreport{schmidlerwoodard2013lowerbounds,
  title={Lower Bounds on the Convergence Rates of Adaptive MCMC Methods},
  author={Schmidler, Scott C. and Woodard, Dawn B.},
  institution={Duke University / Cornell University},
  year={2013},
  journal={Annals of Statistics},
  url={https://www2.stat.duke.edu/~scs/Papers/AdaptiveLowerBounds_AS.pdf}
}

@article{chen2021evaluatingllmcode,
  title={Evaluating Large Language Models Trained on Code},
  author={Chen, M. and Tworek, J. and Jun, H. and Yuan, Q. and de Oliveira Pinto, H. P. and Kaplan, J. and Edwards, H. and Burda, Y. and Joseph, N. and Brockman, G. and Ray, A. and Puri, R. and Krueger, G. and Petrov, M. and Khlaaf, H. and Sastry, G. and Mishkin, P. and Chan, B. and Gray, S. and Ryder, N. and Pavlov, M. and Power, A. and Kaiser, L. and Bavarian, M. and Winter, C. and Tillet, P. and Such, F. P. and Cummings, D. and Plappert, M. and Chantzis, F. and Barnes, E. and Herbert-Voss, A. and Guss, W. H. and Nichol, A. and Paino, A. and Tezak, N. and Tang, J. and Babuschkin, I. and Balaji, S. and Jain, S. and Saunders, W. and Hesse, C. and Carr, A. N. and Leike, J. and Achiam, J. and Misra, V. and Morikawa, E. and Radford, A. and Knight, M. and Brundage, M. and Murati, M. and Mayer, K. and Welinder, P. and McGrew, B. and Amodei, D. and McCandlish, S. and Sutskever, I. and Zaremba, W.},
  journal={CoRR},
  volume={abs/2107.03374},
  year={2021},
  url={https://arxiv.org/abs/2107.03374}
}


@article{dubois2024lengthcontrolledalpacaeval,
  title={Length-Controlled AlpacaEval: A Simple Way to Debias Automatic Evaluators},
  author={Dubois, Yann and Galambosi, Balázs and Liang, Percy and Hashimoto, Tatsunori B.},
  journal={arXiv preprint arXiv:2404.04475},
  year={2024},
  url={https://arxiv.org/abs/2404.04475}
}

@article{abdin2024phi4,
  title={Phi-4 Technical Report},
  author={Abdin, Marah and Aneja, Jyoti and Behl, Harkirat and Bubeck, Sébastien and Eldan, Ronen and Gunasekar, Suriya and Harrison, Michael and Hewett, Russell J. and Javaheripi, Mojan and Kauffmann, Piero and Lee, James R. and Lee, Yin Tat and Li, Yuanzhi and Liu, Weishung and Mendes, Caio C. T. and Nguyen, Anh and Price, Eric and de Rosa, Gustavo and Saarikivi, Olli and Salim, Adil and Shah, Shital and Wang, Xin and Ward, Rachel and Wu, Yue and Yu, Dingli and Zhang, Cyril and Yi Zhang},
  journal={arXiv preprint arXiv:2412.08905},
  year={2024},
  url={https://arxiv.org/abs/2412.08905}
}

@article{chopin2004cltsmc,
  title={Central limit theorem for sequential Monte Carlo methods and its application to Bayesian inference},
  author={Chopin, Nicolas},
  journal={The Annals of Statistics},
  volume={32},
  number={6},
  pages={2385--2411},
  year={2004},
  doi={10.1214/009053604000000615},
  url={https://projecteuclid.org/journals/annals-of-statistics/volume-32/issue-6/Central-limit-theorem-for-sequential-Monte-Carlo-methods-and-its/10.1214/009053604000000698.full}
}

@inproceedings{lightman2024lets,
  title={Let's Verify Step by Step},
  author={Lightman, Hunter and Kosaraju, Vineet and Burda, Yura and Edwards, Harri and Baker, Bowen and Lee, Teddy and Leike, Jan and Schulman, John and Sutskever, Ilya and Cobbe, Karl},
  booktitle={The Twelfth International Conference on Learning Representations},
  year={2024},
  url={https://openreview.net/forum?id=v8L0pN6EOi}
}

@article{zeng2025simplerlzoo,
  title={SimpleRLZoo: Investigating and Taming Zero Reinforcement Learning for Open Base Models in the Wild},
  author={Zeng, Weihao and Huang, Yuzhen and Liu, Qian and Liu, Wei and He, Keqing and Ma, Zejun and He, Junxian},
  journal={arXiv preprint arXiv:2503.18892},
  year={2025},
  url={https://arxiv.org/abs/2503.18892}
}

@article{li2025blinkofaneyetheory,
  title={Blink of an Eye: A Simple Theory for Feature Localization in Generative Models},
  author={Li, Marvin and Karan, Aayush and Chen, Sitan},
  journal={arXiv preprint arXiv:2502.00921},
  year={2025},
  url={https://arxiv.org/abs/2502.00921}
}

@article{skreta2025feynmankacorrectors,
  title={Feynman-Kac Correctors in Diffusion: Annealing, Guidance, and Product of Experts},
  author={Skreta, Marta and Akhound-Sadegh, Tara and Ohanesian, Viktor and Bondesan, Roberto and Aspuru-Guzik, Alán and Doucet, Arnaud and Brekelmans, Rob and Tong, Alexander and Neklyudov, Kirill},
  journal={arXiv preprint arXiv:2503.02819},
  year={2025},
  url={https://arxiv.org/abs/2503.02819}
}

@article{karan2025reguidance,
  title={ReGuidance: A Simple Diffusion Wrapper for Boosting Sample Quality on Hard Inverse Problems},
  author={Karan, Aayush and Shah, Kulin and Chen, Sitan},
  journal={arXiv preprint arXiv:2506.10955},
  year={2025},
  url={https://arxiv.org/abs/2506.10955}
}

@article{kim2025testtimealignment,
  title={Test-time Alignment of Diffusion Models without Reward Over-optimization},
  author={Kim, Sunwoo and Kim, Minkyu and Park, Dongmin},
  journal={arXiv preprint arXiv:2501.05803},
  year={2025},
  url={https://arxiv.org/abs/2501.05803}
}

@article{xu2025temporalscorerescaling,
  title={Temporal Score Rescaling for Temperature Sampling in Diffusion and Flow Models},
  author={Xu, Yanbo and Wu, Yu and Park, Sungjae and Zhou, Zhizhuo and Tulsiani, Shubham},
  journal={arXiv preprint arXiv:2510.01184},
  year={2025},
  url={https://arxiv.org/abs/2510.01184}
}


@article{geffner2025proteina,
  title={Proteina: Scaling Flow-based Protein Structure Generative Models},
  author={Geffner, Tomas and Didi, Kieran and Zhang, Zuobai and Reidenbach, Danny and Cao, Zhonglin and Yim, Jason and Geiger, Mario and Dallago, Christian and Kucukbenli, Emine and Vahdat, Arash},
  journal={arXiv preprint arXiv:2503.00710},
  year={2025},
  url={https://arxiv.org/abs/2503.00710}
}


@inproceedings{kong2025diffusionconstrainedopt,
  title={Diffusion Models as Constrained Samplers for Optimization with Unknown Constraints},
  author={Kong, Lingkai and Du, Yuanqi and Mu, Wenhao and Neklyudov, Kirill and De Bortoli, Valentin and Wu, Dongxia and Wang, Haorui and Ferber, Aaron M. and Ma, Yian and Gomes, Carla P. and Zhang, Chao},
  booktitle={Proceedings of The 28th International Conference on Artificial Intelligence and Statistics},
  pages={4582--4590},
  year={2025},
  editor={Li, Yingzhen and Mandt, Stephan and Agrawal, Shipra and Khan, Emtiyaz},
  volume={258},
  series={Proceedings of Machine Learning Research},
  publisher={PMLR},
  url={https://proceedings.mlr.press/v258/kong25b.html}
}

@article{neal1998annealedimportance,
  title={Annealed Importance Sampling},
  author={Neal, Radford M.},
  journal={arXiv preprint physics/9803008},
  year={1998},
  url={https://arxiv.org/abs/physics/9803008}
}

@article{sambridge2014paralleltempering,
  title={A Parallel Tempering algorithm for probabilistic sampling and optimization},
  author={Sambridge, Malcolm},
  journal={Geophysical Journal International},
  volume={196},
  number={1},
  pages={357--374},
  year={2014},
  doi={10.1093/gji/ggt374},
  url={https://academic.oup.com/gji/article/196/1/357/585739}
}









@article{latuszynski2025mcmcmultimodal,
  title={MCMC for Multi-Modal Distributions},
  author={{\L}atuszy{\'n}ski, Krzysztof and Moores, Matthew T. and Stumpf-F{\'e}tizon, Timoth{\'e}e},
  journal={arXiv preprint arXiv:2501.05908},
  year={2025},
  url={https://arxiv.org/abs/2501.05908v1}
}

























